@ARTICLE{j:lagerholm00,
    author = {Martin Lagerholm and Carsten Peterson and Guido Braccini and Lars Edenbr and Leif Sörnmo},
    title = "{Clustering ECG complexes using Hermite functions and self-organizing maps}",
    journal = {IEEE Trans. Biomed. Eng},
    year = {2000},
    volume = {47},
    pages = {838--848}
}

@book{b:Kirk10,
 author = {Kirk, David B. and Hwu, Wen-mei W.},
 title = "{Programming Massively Parallel Processors: A Hands-on Approach}",
 year = {2010},
 isbn = {0123814723, 9780123814722},
 edition = {1st},
 publisher = {Morgan Kaufmann Publishers Inc.},
 address = {San Francisco, CA, USA},
} 

@inproceedings{c:marquez13,
  added-at = {2013-10-01T00:00:00.000+0200},
  author = {Márquez, David G. and Otero, Abraham and Félix, Paulo and García, Constantino A.},
  booktitle = {BIOSIGNALS},
  editor = {Alvarez, Sergio and Solé-Casals, Jordi and Fred, Ana L. N. and Gamboa, Hugo},
  interhash = {6f22023dda048e01e1713a797bd85d82},
  intrahash = {d6786a681e733ed3e0ff2242ce54b3f6},
  isbn = {978-989-8565-36-5},
  keywords = {dblp},
  pages = {338-341},
  publisher = {SciTePress},
  timestamp = {2013-10-01T00:00:00.000+0200},
  title = "{On the Accuracy of Representing Heartbeats with Hermite Basis Functions}",
  url = {http://dblp.uni-trier.de/db/conf/biostec/biosignals2013.html#MarquezOFG13},
  year = 2013
}

@article{j:barbakhF08,
  author    = {Wesam Barbakh and
               Colin Fyfe},
  title     = "{Online Clustering Algorithms}",
  journal   = {Int. J. Neural Syst.},
  volume    = {18}, 
  number    = {3},
  year      = {2008},
  pages     = {185-194},
  ee        = {http://dx.doi.org/10.1142/S0129065708001518},
  bibsource = {DBLP, http://dblp.uni-trier.de}
}

@article{j:moody01,
  title="{The impact of the MIT-BIH arrhythmia database}",
  author={Moody, George B and Mark, Roger G},
  journal={Engineering in Medicine and Biology Magazine, IEEE},
  volume={20},
  number={3},
  pages={45--50},
  year={2001},
  publisher={IEEE}
}

@INPROCEEDINGS{c:braccini97,
author={Braccini, G. and Edenbrandt, L. and Lagerholm, M. and Peterson, C. and Rauer, O. and Rittner, R. and Sornmo, L.},
booktitle={Computers in Cardiology 1997},
title="{Self-organizing maps and Hermite functions for classification of ECG complexes}",
year={1997},
pages={425-428},
keywords={electrocardiography;medical signal processing;self-organising feature maps;ECG complexes classification;Hermite basis functions;MIT-BIH Arrhythmia Database;QRS complexes;RR intervals;decomposition coefficients;electrodiagnostics;self-organizing maps;template cross-correlation;Cardiology;Data mining;Electrocardiography;Informatics;Physics;Physiology;Sampling methods;Self organizing feature maps;Signal processing;Spatial databases},
doi={10.1109/CIC.1997.647924},
ISSN={0276-6547},}

@article{j:linh03a,
  title="{On-line heart beat recognition using Hermite polynomials and neuro-fuzzy network}",
  author={Linh, Tran Hoai and Osowski, Stanislaw and Stodolski, Maciej},
  journal={Instrumentation and Measurement, IEEE Transactions on},
  volume={52},
  number={4},
  pages={1224--1231},
  year={2003},
  publisher={IEEE}
}


@article{j:linh03b,
  title="{On-line heart beat recognition using Hermite polynomials and neuro-fuzzy network}",
  author={Linh, Tran Hoai and Osowski, Stanislaw and Stodolski, Maciej},
  journal={Instrumentation and Measurement, IEEE Transactions on},
  volume={52},
  number={4},
  pages={1224--1231},
  year={2003},
  publisher={IEEE}
}


@article{j:garcia14,
title = "{Adaptive step ODE algorithms for the 3D simulation of electric heart activity with graphics processing units}",
journal = "Computers in Biology and Medicine ",
volume = "44",
number = "0",
pages = "15 - 26",
year = "2014",
note = "",
issn = "0010-4825",
doi = "http://dx.doi.org/10.1016/j.compbiomed.2013.10.023",
url = "http://www.sciencedirect.com/science/article/pii/S0010482513003107",
author = "V.M. Garcia-Molla and A. Liberos and A. Vidal and M.S. Guillem and J. Millet and A. Gonzalez and F.J. Martinez-Zaldivar and A.M. Climent",
}

@inproceedings{c:zhang13,
  added-at = {2013-09-11T00:00:00.000+0200},
  author = {Zhang, Qian and García, José M. and Wang, Junmei and Hou, Tingjun and Sánchez, Horacio Emilio Pérez},
  biburl = {http://www.bibsonomy.org/bibtex/2c923767a40d11accc9fbbeafd01ae74a/dblp},
  booktitle = {IWBBIO},
  editor = {Rojas, Ignacio and Guzman, Francisco M. Ortuño},
  ee = {http://iwbbio.ugr.es/papers/iwbbio_116.pdf},
  interhash = {f8dbfeb55335bb526d02a7d007c54324},
  intrahash = {c923767a40d11accc9fbbeafd01ae74a},
  isbn = {978-84-15814-13-9},
  keywords = {dblp},
  pages = {735-743},
  publisher = {Copicentro Editorial},
  timestamp = {2013-09-11T00:00:00.000+0200},
  title = "{A GPU based Conformational Entropy Calculation Method}",
  url = {http://dblp.uni-trier.de/db/conf/iwbbio/iwbbio2013.html#ZhangGWHS13},
  year = 2013
}

@ARTICLE{j:nickolls10,
author={Nickolls, J. and Dally, W.J.},
journal={Micro, IEEE}, 
title="{The GPU Computing Era}",
year={2010},
volume={30},
number={2},
pages={56 -69}}

@article{j:brodt10,
   Author = {Brodtkorb, A. and Dyken, C. and Hagen, T. and Hjelmervik, J. and Storaasli, O.},
   Title = "{State-of-the-Art in heterogeneous computing}",
   Journal = {ACM Trans. Des. Autom. Electron. Syst. },
   Volume = {18 },
   Number = {1 },
   Pages = {1-33 },
 Year = {2010 } }

@inproceedings{c:jacobsen13,
author={Jacobsen, M. and Kastner, R.},
Title = "{RIFFA 2.0: A reusable integration framework for FPGA accelerators}",
Journal={Field Programmable Logic and Applications},
Volume={23},
Year={2013},
Pages={1-8}}

@PhdThesis{c:ahir_thesis2009,
  author = 	 {Sameer D. Sahasrabuddhe},
  title = 	 {A competitive pathway from high-level programs to hardware.},
  school = 	 {IIT Bombay},
  year = 	 2009
}

@inproceedings{c:ahir_dsd2010,
author = {S. D. Sahasrabudhe and S. Subramanian and K. Ghosh and K. Arya and M. P. Desai},
title = {A C-to-RTL flow as an energy efficient alternative to the use of embedded processors in digital systems},
booktitle={DSD 2010},
year=2010,
pages={147-154}
}

@inproceedings{c:ahir_usenix2012,
author={T. Rinta-Aho and M. Karlstedt and M.P. Desai},
title={The ClickToNetFPGA Tool-chain},
booktitle={USENIX ATC-2012},
year=2012,
publisher={USENIX Association, Berkeley CA},
}

Hermite Polynomial Characterization of Heartbeats with Graphics Processing Units
Alberto Gil, Gabriel Caffarena, David G. Marquez and Abraham Otero

@article{c:GPU,
author={A. Gil and G. Caffarena and D. Marquez and A. Otero},
title={Hermite Polynomial Characterization of Heartbeats with Graphics Processing Units},
journal={IWBBO 2014},
year=2014
}


